@book{goodfellow,
    author    = "{Goodfellow I.} and {Bengio Y.} and {Courville A.}",
    title     = "Deep Learning",
    publisher = "The MIT Press",
    address   = "Cambridge, Massachusetts",
    year      = "2016",
}

@book{minsky,
    author    = "{Minsky M.} and {Seymour P.}",
    title     = "Perceptrons: an introduction to computational geometry",
    publisher = "The MIT Press",
    address   = "Cambridge, Massachusetts",
    year      = "1969",
}


@article{golovanov,
    author    = "{Golovanov S.} and {Kurbanov R.} and {Artamonov A.} and {Davydow A.} and {Nikolenko S.}",
    title     =  "Building Detection from Satellite Imagery Using a Composite Loss Function",
    journal   = "2018 IEEE/CVF Conference on Computer Vision and Pattern Recognition Workshops (CVPRW)",
    volume    = "",
    number    = "",
    pages     = "",
    publisher = "Institute of Electrical and Electronics Engineers‎",
    year      = "2018",
}

@article{skarbek,
    author    = "{Skarbek W.}",
    title     =  "Symbolic Tensor Neural Networks for Digital Media
– from Tensor Processing via BNF Graph Rules to CREAMS Applications",
    journal   = "Fundamenta Informaticae",
    volume    = "168",
    number    = "2--4",
    pages     = "89--184",
    publisher = "Polskie Towarzystwo Matematyczne‎",
    year      = "2019",
}

@article{zhu,
    author    = "{Zhu  X.} and {Li X. Q.} and {Shi Y.} and {Huang X.}",
    title     =  "Building Footprint Generation by Integrating Convolution Neural Network with Feature Pairwise Conditional Random Field (FPCRF)",
    journal   = "IEEE Transactions on Geoscience and Remote Sensing",
    volume    = "",
    number    = "",
    pages     = "1--18",
    publisher = "Institute of Electrical and Electronics Engineers‎",
    year      = "2020",
}


@article{bischke,
    author    = "{Bischke B.} and {Helber P.} and {Folz J.} and {Borth D.} and {Dengel A.}",
    title     =  "Multi-Task Learning for Segmentation of Building Footprints with Deep Neural Networks",
    journal   = "2019 IEEE International Conference on Image Processing (ICIP)",
    volume    = "",
    number    = "",
    pages     = "1480--1484",
    publisher = "Institute of Electrical and Electronics Engineers‎",
    year      = "2017",
}

@unpublished{iglovikov,
    author    = "{Iglovikov V.} and {Mushinskiy S.} and {Osin V.}",
    title     =  "Satellite Imagery Feature Detection using Deep Convolutional Neural Network: A Kaggle Competition",
     note   = "Dostęp zdalny (30.09.2020): \url{https://arxiv.org/pdf/1706.06169.pdf}",
    year   = "2017"
}

@unpublished{pielawski,
    author    = "{Pielawski N.} and {Wählby C.}",
    title     =  "Introducing Hann windows for reducing edge-effects in patch-based image segmentation",
     note   = "Dostęp zdalny (30.09.2020): \url{https://arxiv.org/pdf/1910.07831.pdf}",
    year   = "2019"
}

@unpublished{zagoruyko,
    author    = "{Zagoruyko S.}, {Komodakis N.}",
    title     =  "Wide Residual Networks",
     note   = "Dostęp zdalny (30.09.2020): \url{https://arxiv.org/pdf/1605.07146.pdf}",
    year   = "2017"
}

@unpublished{girard,
    author    = "{Girard N.} and {Smirnov D.} and {Solomon J.} and {Tarabalka Y.}",
    title     =  "Polygonal Building Segmentation by Frame Field Learning",
     note   = "Dostęp zdalny (30.09.2020): \url{https://arxiv.org/pdf/2004.14875.pdf}",
    year   = "2020"
}

@article{wu,
    author    = "{Wu G.} and {Shao X.} and {Guo Z.} and {Chen Q.} and {Yuan W.} and {Shi X.} and {Xu Y.} and {Shibasaki R.}",
    title     =  "Automatic Building Segmentation of Aerial Imagery Using Multi-Constraint Fully Convolutional Networks",
    journal   = "Remote Sensing",
    volume    = "10",
    number    = "3",
    pages     = "407--425",
    publisher = "MDPI‎",
    year      = "2018",
}

@unpublished{chatterjee,
    author    = "{Chatterjee B.} and {Poullis Ch.}",
    title     =  "Semantic Segmentation from Remote Sensor Data and the Exploitation of Latent Learning for Classification of Auxiliary Tasks",
     note   = "Dostęp zdalny (30.09.2020): \url{https://arxiv.org/pdf/1912.09216.pdf}",
    year   = "2019"
}

@unpublished{chen,
    author    = "{Chen L.} and {Papandreou G.} and {Kokkinos I.} and {Murphy K.} and {Yuille A. L. }",
    title     =  "Semantic image segmentation with deep convolutional nets and fully connected CRFs",
     note   = "Dostęp zdalny (30.09.2020): \url{https://arxiv.org/pdf/1412.7062.pdf}",
    year   = "2015"
}

@article{chen2,
    author    = "{Chen L.} and {Papandreou G.} and {Kokkinos I.} and {Murphy K.} and {Yuille A. L.}",
    title     =  "DeepLab: Semantic Image Segmentation with Deep Convolutional Nets, Atrous Convolution, and Fully Connected CRFs",
    journal   = "IEEE Transactions on Pattern Analysis and Machine Intelligence",
    volume    = "40",
    number    = "4",
    pages     = "834--848",
    publisher = "Institute of Electrical and Electronics Engineers‎",
    year      = "2017",
}

@article{yu,
    author    = "{Yu J.} and {Blaschko M.}",
    title     =  "The Lovász Hinge: A Novel Convex Surrogate for Submodular Losses",
    journal   = "IEEE Transactions on Pattern Analysis and Machine Intelligence",
    volume    = "42",
    number    = "3",
    pages     = "735--748",
    publisher = "Institute of Electrical and Electronics Engineers‎",
    year      = "2020",
}

@article{zhou,
    author    = "{Zhou K.} and {Yang Y.} and {Cavallaro A.} and{Xiang T.}",
    title     =  "Omni-Scale Feature Learning for Person Reidentification",
    journal   = "2019 IEEE/CVF International Conference on Computer Vision (ICCV)",
    volume    = "",
    number    = "",
    pages     = "3701 --3711",
    publisher = "Institute of Electrical and Electronics Engineers‎",
    year      = "2019",
}

@article{hu,
    author    = "{Hu J.} and {Shen L.} and {Sun G.}",
    title     =  "Squeeze-and-Excitation Networks",
    journal   = "IIEEE/CVF Conference on Computer Vision and Pattern Recognition",
    volume    = "",
    number    = "",
    pages     = "7132 --7141",
    publisher = "Institute of Electrical and Electronics Engineers‎",
    year      = "2017",
}

@article{rumelhart,
    author    = "{Rumelhart D.} and {Hinton G.} and {Williams R.}",
    title     =  "Learning representations by back propagating errors",
    journal   = "Nature",
    volume    = "323",
    number    = "9",
    pages     = "533--536",
    publisher = "‎Nature Research‎",
    year      = "1986",
}

@article{he,
    author    = "{He K.} and {Zhang X.} and {Ren S}. and {Sun J.}",
    title     =  "Deep Residual Learning for Image Recognition",
    journal   = "Proceedings of the IEEE International Conference
on Computer Vision and Pattern Recognition (CVPR)",
    volume    = "",
    number    = "",
    pages     = "770--778",
    publisher = "Institute of Electrical and Electronics Engineers",
    year      = "2016",
}

@article{hochreiter,
    author    = "{Hochreiter S.} and {Schmidhuber J.}",
    title     =  "Long Short-Term Memory",
    journal   = "Neural Computation",
    volume    = "9",
    number    = "8",
    pages     = "1735--1780",
    publisher = "The MIT Press",
    year      = "1997",
}

@unpublished{jordan,
    author = "{Jordan M. I.}",
    title  = "Serial order: A parallel distributed processing approach",
    note   = "Dostęp zdalny (30.09.2020): \url{http://cseweb.ucsd.edu/~gary/258/jordan-tr.pdf}",
    year   = "1986"
}

@article{fukushima1,
    author    = "{Fukushima K.}",
    title     =  "Cognitron: A Self-Organizing Multilayered Neural Network",
    journal   = "Biological cybernetics",
    volume    = "20",
    number    = "4",
    pages     = "121--136",
    publisher = "Springer",
    year      = "1975",
}

@article{fukushima2,
    author    = "{Fukushima K.}",
    title     =  "Neocognitron: A Self Organizing Neural Network Model for a Mechanism of Pattern Recognition Unaffected by Shift in Position",
    journal   = "Biological cybernetics",
    volume    = "36",
    number    = "4",
    pages     = "193--202",
    publisher = "Springer",
    year      = "1980",
}

@article{hinton,
    author    = "{Hinton G.} and { Osindero S.} and {Teh Y. W.}",
    title     =  "A Fast Learning Algorithm for Deep Belief Nets",
    journal   = "Neural Computation",
    volume    = "18",
    number    = "7",
    pages     = "1527--1554",
    publisher = "The MIT Press",
    year      = "2006",
}

@unpublished{alexnet,
    author = "{Krizhevsky A.} and {Sutskever I.} and {Hinton G.}",
    title  = "ImageNet classification with deep convolutional neural networks",
    note   = "Dostęp zdalny (30.09.2020): \url{http://www.cs.toronto.edu/~hinton/absps/imagenet.pdf}",
    year   = "2012"
}

@article{lecun1,
    author    = "{LeCun Y.} and {Boser B.} and {Denker J. S.} and {Henderson D.} and {Howard R. E.} and {Hubbard W.} and {Jackel L. D.}",
    title     =  "Backpropagation Applied to Handwritten Zip Code Recognition",
    journal   = "Neural computation",
    volume    = "1",
    number    = "4",
    pages     = "541--551",
    publisher = "The MIT Press",
    year      = "1989",
}

@article{lecun2,
    author    = "{LeCun Y.} and {Bottou L.} and {Bengio Y.} and { Haffner P.}",
    title     =  "Gradient-based learning applied to document recognition",
    journal   = "Proceedings of the IEEE",
    volume    = "86",
    number    = "11",
    pages     = "2278--2324",
    publisher = "Institute of Electrical and Electronics Engineers",
    year      = "1998",
}

@article{mcculloch,
    author    = "{McCulloch W.} and {Pitts W.}",
    title     =  "A logical calculus of the ideas immanent in nervous activity",
    journal   = "Bulletin of Mathematical Biophysics",
    volume    = "5",
    number    = "4",
    pages     = "115--113",
    publisher = "Springer",
    year      = "1943",
}

@article{rosenblatt,
    author    = "{Rosenblatt F.}",
    title     =  "The perceptron: a probabilistic model for information storage and organization in the brain",
    journal   = "Psychological Review",
    volume    = "65",
    number    = "6",
    pages     = "386--408",
    publisher = "American Psychological Association",
    year      = "1958",
}

@article{redmon,
    author    = "{Redmon J.} and {Divvals S.} and {Girshick R.} and {Farhadi A.}",
    title     =  "You Only Look Once: Unified, Real-Time Object Detection",
    journal   = "2016 IEEE Conference on Computer Vision and Pattern Recognition (CVPR)",
    volume    = "",
    number    = "",
    pages     = "779--788",
    publisher = "",
    year      = "2016",
}

@article{hinton2,
    author    = "{Hinton G.} and {Sabour S.} and {Frosst N.}",
    title     =  "Dynamic Routing Between Capsules",
    journal   = "NIPS'17: Proceedings of the 31st International Conference on Neural Information Processing Systems",
    volume    = "",
    number    = "",
    pages     = "3859--3869",
    publisher = "",
    year      = "2017",
}

@article{ronneberger,
    author    = "{Ronneberger O.} and {Fischer P.} and {Brox T.}",
    title     =  "U-Net: Convolutional Networks for Biomedical Image Segmentation",
    journal   = "Medical Image Computing and Computer-Assisted Intervention – MICCAI 2015",
    volume    = "9351",
    number    = "",
    pages     = "234--241",
    publisher = "Springer",
    year      = "2015",
}

@article{goodfellow,
    author    = "{Goodfellow I.} and {Pouget-Abadie J.} and {Mirza M.} and {Xu B.} and {Warde-Farley D.} and {Ozair S.} and {Courville A.} and {Bengio Y.}",
    title     =  "Generative Adversarial Nets",
    journal   = "Proceedings of the International Conference on Neural Information Processing Systems (NIPS 2014)",
    volume    = "",
    number    = "",
    pages     = "2672–-2680",
    publisher = "",
    year      = "2014",
}

@article{girshick,
    author    = "{Girshick R.} and {Donahue J.} and {Darrell T.} and {Malik J.} ",
    title     =  "Rich feature hierarchies for accurate object detection and semantic segmentation",
    journal   = "2014 IEEE Conference on Computer Vision and Pattern Recognition",
    volume    = "",
    number    = "",
    pages     = "580–-587",
    publisher = "",
    year      = "2014",
}

@unpublished{simonyan,
    author = "{Simonyan K.} and {Zisserman A.}",
    title  = "Very deep convolutional networks for large-scale image recognition",
    note   = "Dostęp zdalny (30.09.2020): \url{https://arxiv.org/pdf/1409.1556.pdf}",
    year   = "2014"
}

@article{szegedy,
    author    = "{Szegedy Ch.} and {Liu W.} and {Jia Y.} and {Sermanet P.} and {Reed S.} and {Anguelov D.} and {Erhan D.} and {Vanhoucke V.} and {Rabinovich A.}",
    title     =  "Going deeper with convolutions",
    journal   = "Proceedings of the IEEE International Conference
on Computer Vision and Pattern Recognition (CVPR)",
    volume    = "",
    number    = "",
    pages     = "1--9",
    publisher = "Institute of Electrical and Electronics Engineers",
    year      = "2015",
}

@book{wiener,
    author    = "{Wiener N.}",
    title     = "Cybernetics: Or Control and Communication in the Animal and the Machine",
    publisher = "The MIT Press",
    address   = "Cambridge, Massachusetts",
    year      = "1948",
}

@article{widrow,
    author    = "{Widrow B.} and {Hoff T.}",
    title     =  "Adaptive switching circuits",
    journal   = "1960 IRE WESCON Convention Record",
    pages     = "96--104",
    publisher = "IRE",
    year      = "1960",
}